@manual{HKWDoc, 
    author = "{HKW-Elektronik GmbH}", 
    organization = "HKW-Elektronik GmbH", 
	address = "Industriestraße 12, D-99846 Seebach/Thur",
    title = "Wetterprognose-Station Kompakt WS-K xx Modbus",
	note = "Stand 23.11.2012",
    month = "November", 
    year = "2012", 
    url = "",} 
	
@misc{NPE,
    author    = "Nationale Plattform Elektromobilität (NPE)",
    title     = "Fortschrittsbericht der Nationalen Plattform Elektromobilität",
    publisher = "Gemeinsame Geschäftsstelle Elektromobilität der Bundesregierung (GGEMO)",
    address  = "Scharnhorststraße 34–37, 10115 Berlin",
    number  = "3",
    year  = "2012",
	pages = "3",
	howpublished = "Website",
	note = "Online verfügbar auf \url{http://www.bmu.de/fileadmin/bmu-import/files/pdfs/allgemein/application/pdf/bericht_emob_3_bf.pdf}; zuletzt geprüft am 24.01.2014"
}

@misc{SEEV,
    author    = "Bayern Innovativ Gesellschaft für Innovation und Wissenstransfer mbH",
    title     = "http://www.elektromobilitaet-verbindet.de/",
    publisher = "xima media GmbH",
    year     = "2014",
    month    = "Januar",
    address     = "Sudhausweg 9, 01099 Dresden",
	howpublished = "Website",
	note = "Online verfügbar auf \url{http://www.elektromobilitaet-verbindet.de/projekte/energieautarke-elektromobilitaet.html}; zuletzt geprüft am 24.01.2014"
}

@book{Kuveler.2007,
 author = {K{\"u}veler, Gerd and Schwoch, Dietrich},
 year = {2007},
 title = {{I}nformatik f{\"u}r {I}ngenieure und {N}aturwissenschaftler},
 address = {Braunschweig [u.a.]},
 edition = {5},
 publisher = {Vieweg},
 isbn = {3834801879},
 series = {{V}iewegs {F}achb{\"u}cher der {T}echnik}
}

@misc{ModbusDoc, 
    author = "{Modbus Organization, Inc.}", 
    organization = "Modbus Organization, Inc.", 
	address = "PO Box 628 Hopkinton, MA 01748",
    title = "MODBUS APPLICATION PROTOCOL SPECIFICATION",
	edition = "V1.1b3",
    month = "April", 
    year = "2012", 
    howpublished = "Website",
	note = "Online verfügbar auf \url{http://www.modbus.org/docs/Modbus_Application_Protocol_V1_1b3.pdf}; zuletzt geprüft am 24.01.2014"
}
	
@book{Schleicher.2008,
 author = {Schleicher, Manfred},
 year = {2008},
 title = {{D}igitale {S}chnittstellen und {B}ussysteme: {G}rundlagen und praktische {H}inweise zur {A}nbindung von {F}eldger{\"a}ten an {M}{O}{D}-{B}us, {P}{R}{O}{F}{I}{B}{U}{S}-{D}{P}, {E}{T}{H}{E}{R}{N}{E}{T}, {C}{A}{N}open und {H}{A}{R}{T}},
 address = {Fulda},
 edition = {5},
 publisher = {JUMO},
 isbn = {9783935742023}
}

@book{Wagner.2006,
 author = {Wagner, Andreas},
 year = {2006},
 title = {{P}hotovoltaik {E}ngineering: {H}andbuch f{\"u}r {P}lanung, {E}ntwicklung und {A}nwendung},
 address = {Berlin and Heidelberg},
 edition = {2},
 publisher = {Springer-Verlag Berlin Heidelberg},
 isbn = {9783540307327},
 series = {{V}{D}{I}-{B}uch},
 abstract = {Stimmt die Peakleistung meines Solarmoduls? Lohnt sich MPP-Tracking? Wird die PV-Anlage durch den Kamin des Nachbarn abgeschattet? Die Grundlagen zur qualifizierten Beantwortung dieser Fragen werden im vorliegenden Buch ausf{\"u}hrlich dargestellt. Insbesondere die Beschreibung des Betriebsverhaltens von Solarzellen anhand der effektiven Solarzellenkennlinie erm{\"o}glicht eine explizite Berechnung von Anpassungsproblemen im Teillastbereich. Bei der Dimensionierung von Solaranlagen im Inselbetrieb wird die zu erwartende Verf{\"u}gbarkeit als Zielgr{\"o}{\ss}e der Dimensionierung angesetzt. Anhand von j{\"a}hrlichen Einstrahlungs-Statistiken kann ein Erwartungswert f{\"u}r die aus einer gegebenen Dimensionierung resultierende mittlere Verf{\"u}gbarkeit angegeben werden. In der 2. Auflage werden die Energie-Ertragsproblematik ausf{\"u}hrlicher beschrieben und spezielle Methoden f{\"u}r Ertragsgutachten vorgestellt. Praktische Grundlagen wie die Umsetzung der aktuellen Normen und G{\"u}tesiegel in der Praxis werden behandelt. Ferner wird das Thema unterschiedlicher Wechselrichter-Konzepte (mit oder ohne Trafo?) bez{\"u}glich der dabei auftretenden Gefahren aufgegriffen. Neu ist die Frage der Netzsicherheit bei Netzausfall (Gefahr f{\"u}r Wartungspersonal durch unkontrollierte Netzeinspeisung).},
 url = {http://dx.doi.org/10.1007/3-540-30733-8}
}

@misc{SLM,
    author    = "John D'Errico",
    title     = "SLM - Shape language modeling",
    publisher = "MATLAB File Exchange",
    year     = "2009",
    month    = "Juni",
	howpublished = "Website",
	note = "Online verfügbar auf \url{http://www.mathworks.com/matlabcentral/fileexchange/24443-slm-shape-language-modeling}; zuletzt geprüft am 06.01.2014"
}



